<?xml version="1.0" encoding="UTF-8"?><collection xmlns="http://www.loc.gov/MARC21/slim"><record><leader>00460nam--2200181-i-4500</leader><controlfield tag="001">000045840</controlfield><controlfield tag="002">20161230</controlfield><controlfield tag="005">20161230201045</controlfield><controlfield tag="008">060222s1000------------r-----000-0-rum-d</controlfield><datafield ind1=" " ind2=" " tag="040"><subfield code="a">IFIN-HH</subfield></datafield><datafield ind1=" " ind2=" " tag="041"><subfield code="a">rum</subfield></datafield><datafield ind1=" " ind2=" " tag="080"><subfield code="a">535</subfield></datafield><datafield ind1="1" ind2=" " tag="100"><subfield code="a">Tudorovski,A.I</subfield></datafield><datafield ind1="1" ind2="0" tag="245"><subfield code="a">Teoria aparatelor optice</subfield><subfield code="b">Traducere din limba rusa</subfield><subfield code="c">A.i. tudorovski</subfield></datafield><datafield ind1=" " ind2=" " tag="260"><subfield code="a">Bucuresti</subfield><subfield code="b">Idt</subfield><subfield code="c">1954</subfield></datafield><datafield ind1=" " ind2=" " tag="787"><subfield code="a">Vol. II</subfield><subfield code="h">392 p</subfield></datafield><datafield ind1=" " ind2=" " tag="852"><subfield code="a">9013</subfield><subfield code="c">535</subfield></datafield><datafield ind1=" " ind2=" " tag="CAT"><subfield code="a">Sys</subfield><subfield code="c">20101018</subfield><subfield code="h">090334</subfield></datafield></record></collection>